% Articles

@article {
	muhle2018,
	author = {Alexander Mühle and Andreas Grüner and Tatiana Gayvoronskaya and Christoph Meinel},
	title = {A Survey on Essential Components of a Self-Sovereign Identity},
	year = {2018},
	doi = {10.48550/arXiv.1807.06346},
}

% News

@article{
	forbes2023,
	journal = {Forbes},
	author = {Emma Whitford and Janet Novack},
	title = {There is an old, but now fast growing degree mill industry doing an estimated 7 billion a year worldwide in fraudulent diplomas and transcripts.},
	year = {2023},
	url = {https://www.forbes.com/sites/emmawhitford/2023/02/21/how-thousands-of-nurses-got-licensed-with-fake-degrees/?sh=3adcdc8e5c6d}
}

@article{
	elTiempo2022,
	journal = {El Tiempo},
	author = {El Tiempo},
	title = {Capturan red que falsificaba diplomas y certificaciones desde Bogotá},
	year = {2022},
	url = {https://www.eltiempo.com/bogota/cae-red-que-falsificaba-diplomas-y-certificaciones-en-bogota-692098}
}

@article{
	kbc2023,
	journal = {KBC Group},
	author = {KBC Group},
	title = {Howest and KBC will be launching Europe's first digital student card in the coming academic year},
	year = {2023},
	url = {https://newsroom.kbc.com/howest-and-kbc-will-be-launching-europes-first-digital-student-card-in-the-coming-academic-year}
}

@article{
	actionsa2023,
	author = {Actionsa},
	journal = {Actionsa},
	title = {Mabuyanes Fraudulent Degree Highlights the Extent of Qualification Scams Among Senior Politicians},
	year = {2023},
	url = {https://www.actionsa.org.za/mabuyanes-fraudulent-degree-highlights-the-extent-of-qualification-scams-among-senior-politicians/}
}

@article{
	universityAffairs2023,
	author = {Leigh Lane Peine},
	journal = {University Affairs},
	title = {The fraud problem: how Educational Credential Evaluators is helping to stop forged documents},
	year = {2023},
	url = {https://www.universityaffairs.ca/magazine/sponsored-content/the-fraud-problem-how-educational-credential-evaluators-is-helping-to-stop-forged-documents/}
}

@article{
	rcn2023,
	author = {Camilo Andres and Jaimes Osorio},
	journal = {RCN Radio},
	title = {Alto funcionario del MinSalud tendría dos títulos falsos: universidades lo dejan en evidencia},
	year = {2023},
	url = {https://www.rcnradio.com/colombia/alto-funcionario-del-minsalud-tendria-dos-titulos-falsos-universidades-lo-dejan-en}
}

@article{
	telemundo2023,
	author = {Telemundo},
	journal = {Telemundo},
	title = {Hay más de 7,600 personas con títulos falsos de enfermería": desarticulan en Florida una red criminal que vendía credenciales},
	year = {2023},
	url = {https://www.telemundo.com/noticias/noticias-telemundo/salud/hay-mas-de-7600-personas-con-titulos-falsos-de-enfermeria-desarticulan-rcna67555}
}

@article{
	threatpost2021,
	author = {Tara Seals},
	journal = {Threatpost},
	title = {Telegram Fraudsters Ramp Up Forged COVID-19 Vaccine Card Sales},
	year = {2021},
	url = {https://threatpost.com/telegram-forged-covid-19-vaccine-cards/166093/}
}

@article{
	usaAttourney2023,
	author = {Felicia Martinez},
	journal = {United States Attorney's Office},
	title = {COVID-19 Fraudsters Charged in Utah for Allegedly Manufacturing, Selling and Distributing at least 120,000 Counterfeit COVID-19 Vaccination Cards},
	year = {2023},
	url = {https://www.justice.gov/usao-ut/pr/covid-19-fraudsters-charged-utah-allegedly-manufacturing-selling-and-distributing-least}
}

@article{
	washingtonPost2023,
	author = {Terrence McCoy and Marina Dias},
	journal = {The Washington Post},
	title = {Bolsonaro's vaccine status falsified before he entered U.S., police say},
	year = {2023},
	url = {https://www.washingtonpost.com/world/2023/05/03/bolsonaro-vaccination-covid-police-raid/}
}

@article{
	fox13now2023,
	author = {Melanie Porter},
	journal = {Fox13now},
	title = {Utah man charged for making and selling thousands of fake COVID-19 vaccine cards},
	year = {2023},
	url = {https://www.fox13now.com/news/crime/utah-man-charged-for-making-and-selling-thousands-of-fake-covid-19-vaccine-cards}
}

@article{
	newYorkTimes2023,
	author = {Ceylan Yeginsu},
	journal = {The New York Times},
	title = {What Are the Roadblocks to a 'Vaccine Passport'?},
	year = {2023},
	url = {https://www.fox13now.com/news/crime/utah-man-charged-for-making-and-selling-thousands-of-fake-covid-19-vaccine-cards}
}

% Hyperledger technologies

@article{
	anoncredsSpecs2022,
	author = {Hyperledger Foundation},
	title = {ANNOUNCING HYPERLEDGER ANONCREDS: OPEN SOURCE, OPEN SPECIFICATION PRIVACY PRESERVING VERIFIABLE CREDENTIALS},
	year = {2022},
	url = {https://www.hyperledger.org/blog/2022/11/15/announcing-hyperledger-anoncreds-open-source-open-specification-privacy-preserving-verifiable-credentials}
}

@article{
	ariesDocs2022,
	author = {Hyperledger Foundation},
	title = {Hyperledger Aries},
	year = {2022},
	url = {https://wiki.hyperledger.org/display/ARIES/Hyperledger+Aries}
}

@article{
	indyDocs2022,
	author = {Hyperledger Foundation},
	title = {Hyperledger Indy},
	year = {2022},
	url = {https://wiki.hyperledger.org/display/indy/Hyperledger+Indy}
}
